<record><leader>00000cas a22000007a 4500</leader><controlfield tag="001">10029491</controlfield><controlfield tag="008">831018d18291873nyuwr ne      0    0eng d</controlfield><datafield ind1=" " ind2=" " tag="010"><subfield code="a">sn 83031897 </subfield></datafield><datafield ind1=" " ind2=" " tag="040"><subfield code="a">NPU</subfield><subfield code="b">eng</subfield><subfield code="c">NPU</subfield><subfield code="d">DLC</subfield><subfield code="d">NPX</subfield><subfield code="d">MFN</subfield><subfield code="d">NYS</subfield><subfield code="d">NVK</subfield><subfield code="d">OCL</subfield><subfield code="d">KRTAS</subfield><subfield code="d">OCLCF</subfield><subfield code="d">OCLCO</subfield></datafield><datafield ind1="1" ind2=" " tag="029"><subfield code="a">AU@</subfield><subfield code="b">000020127911</subfield></datafield><datafield ind1=" " ind2=" " tag="042"><subfield code="a">msc</subfield></datafield><datafield ind1="0" ind2="0" tag="050"><subfield code="a">Newspaper 8829-X</subfield></datafield><datafield ind1="0" ind2="4" tag="245"><subfield code="a">The Onondaga standard.</subfield></datafield><datafield ind1=" " ind2=" " tag="260"><subfield code="a">Syracuse, N.Y. :</subfield><subfield code="b">Wyman &amp; Smith,</subfield><subfield code="c">1829-</subfield></datafield><datafield ind1=" " ind2=" " tag="300"><subfield code="a">v. : ill. (chiefly advertisememts) ;</subfield><subfield code="c">54-72 cm.</subfield></datafield><datafield ind1=" " ind2=" " tag="310"><subfield code="a">Weekly</subfield></datafield><datafield ind1="0" ind2=" " tag="362"><subfield code="a">Vol. 1, no. 1 (Sept. 16, 1829)-</subfield></datafield><datafield ind1="1" ind2=" " tag="362"><subfield code="a">Ceased in 1873?</subfield><subfield code="z">Cf. Gregory, W.  Amer. newspapers.</subfield></datafield><datafield ind1=" " ind2=" " tag="500"><subfield code="a">Publishers: Wyman &amp; Smith, &lt;1829&gt;; Vivus W. Smith, &lt;1833&gt;; T.A. &amp; Silas F. Smith, &lt;1836&gt;; T.A. &amp; A.L. Smith, &lt;Nov. 23, 1836-1837&gt;; A.L. Smith &amp; Co., &lt;1838&gt;; A.L. Smith &amp; William L. Crandal, &lt;1839-1840&gt;; A.L. Smith &amp; Marcellus Farmer, &lt;1841-1844&gt;; Patrick H. Agan &amp; Moses Summers, &lt;1848&gt;; Summers &amp; Brother, &lt;1857&gt;; Summers &amp; Co., &lt;1867&gt;-1873.</subfield></datafield><datafield ind1=" " ind2=" " tag="500"><subfield code="a">"Democratic," &lt;1843-1844&gt;; "Democratic Republican," "Free Soil," &lt;1848&gt;.</subfield></datafield><datafield ind1=" " ind2=" " tag="500"><subfield code="a">Editors: Vivus W. Smith, &lt;1833&gt;; William L. Crandal, &lt;1839-1840&gt;.</subfield></datafield><datafield ind1=" " ind2=" " tag="580"><subfield code="a">Daily eds.: Morning post (Syracuse, N.Y.); Syracuse daily standard, 1850-1873.</subfield></datafield><datafield ind1=" " ind2="0" tag="651"><subfield code="a">Syracuse (N.Y.)</subfield><subfield code="v">Newspapers.</subfield></datafield><datafield ind1=" " ind2="0" tag="651"><subfield code="a">Onondaga County (N.Y.)</subfield><subfield code="v">Newspapers.</subfield></datafield><datafield ind1=" " ind2="7" tag="655"><subfield code="a">Newspapers.</subfield><subfield code="2">fast</subfield><subfield code="0">(OCoLC)fst01423814</subfield></datafield><datafield ind1=" " ind2="7" tag="651"><subfield code="a">New York (State)</subfield><subfield code="z">Onondaga County.</subfield><subfield code="2">fast</subfield><subfield code="0">(OCoLC)fst01205371</subfield></datafield><datafield ind1=" " ind2="7" tag="651"><subfield code="a">New York (State)</subfield><subfield code="z">Syracuse.</subfield><subfield code="2">fast</subfield><subfield code="0">(OCoLC)fst01205293</subfield></datafield><datafield ind1=" " ind2=" " tag="752"><subfield code="a">United States</subfield><subfield code="b">New York</subfield><subfield code="c">Onondaga</subfield><subfield code="d">Syracuse.</subfield></datafield><datafield ind1="1" ind2=" " tag="775"><subfield code="t">Morning post (Syracuse, N.Y.)</subfield></datafield><datafield ind1="1" ind2=" " tag="775"><subfield code="t">Syracuse daily standard (Syracuse, N.Y. : 1850)</subfield><subfield code="w">(DLC)sn 83031726</subfield><subfield code="w">(OCoLC)10033739</subfield></datafield><datafield ind1="0" ind2="4" tag="780"><subfield code="t">Onondaga journal</subfield><subfield code="w">(DLC)sn 85026894</subfield><subfield code="w">(OCoLC)12727799</subfield></datafield><datafield ind1="0" ind2="4" tag="780"><subfield code="t">Syracuse advertiser</subfield><subfield code="w">(DLC)sn 85042878</subfield><subfield code="w">(OCoLC)12950891</subfield></datafield><datafield ind1="0" ind2="5" tag="780"><subfield code="t">Syracuse Democrat (Syracuse, N.Y. : 1848)</subfield><subfield code="w">(DLC)sn91066093</subfield><subfield code="w">(OCoLC)23659865</subfield></datafield><datafield ind1="0" ind2="0" tag="785"><subfield code="t">Syracuse weekly standard</subfield><subfield code="w">(DLC)sn 86053081</subfield><subfield code="w">(OCoLC)13147455</subfield></datafield><datafield ind1=" " ind2=" " tag="938"><subfield code="a">Kirtas Technologies, Inc.</subfield><subfield code="b">KRTS</subfield><subfield code="n">737567</subfield></datafield></record>